<?xml version="1.0" encoding="UTF-8"?><collection xmlns="http://www.loc.gov/MARC21/slim"><record><leader>00656nam--2200181-i-4500</leader><controlfield tag="001">000019577</controlfield><controlfield tag="002">20161230</controlfield><controlfield tag="005">20161230201033</controlfield><controlfield tag="008">060222s1000------------r-----000-0-eng-d</controlfield><datafield ind1=" " ind2=" " tag="020"><subfield code="a">0720402980</subfield></datafield><datafield ind1=" " ind2=" " tag="040"><subfield code="a">IFIN-HH</subfield></datafield><datafield ind1=" " ind2=" " tag="080"><subfield code="a">539.12.162.8(061.3):539.14(061.3)</subfield></datafield><datafield ind1="1" ind2=" " tag="100"><subfield code="a">Tibell, Gunnar</subfield></datafield><datafield ind1="1" ind2="0" tag="245"><subfield code="a">High-energy physics and nuclear structure</subfield><subfield code="b">Proceedings of the fifth international conference on high- energy physics and nuclear structure held in uppsala, sweden, june 18-22, 1973</subfield><subfield code="c">Gunnar tibell (ed.)</subfield></datafield><datafield ind1=" " ind2=" " tag="260"><subfield code="a">Amsterdam</subfield><subfield code="b">North-holland Publishing Company</subfield><subfield code="c">1974</subfield></datafield><datafield ind1=" " ind2=" " tag="300"><subfield code="a">459 P</subfield></datafield><datafield ind1=" " ind2=" " tag="852"><subfield code="a">42546</subfield><subfield code="c">539.131</subfield></datafield><datafield ind1=" " ind2=" " tag="CAT"><subfield code="a">Sys</subfield><subfield code="c">20120305</subfield><subfield code="h">123224</subfield></datafield></record></collection>